@misc{Practica,
title = {Aut√≥mata celular},
Url = {https://elisa.dyndns-web.com/teaching/comp/par/p2.html},
year = 2018,
Author = {Elisa}
}