@misc{REF2,
title = {Diagramas de Voronoi},
url = {https://sourceforge.net/projects/simulacionenr/},
year = 2018,
Author = {Jorge Mendoza},
}
@misc{REF1,
title = {DIAGRAMAS VORONOI},
Url = {https://elisa.dyndns-web.com/teaching/comp/par/p3.html},
year = 2019,
Author = {SATU ELISA SCHAEFFER}
}
@misc{REF3,
title = {Teor√≠a de colas},
Url = {http://www.iit.upcomillas.es/aramos/simio/transpa/t_qt_ar.pdf},
year = 2013,
author = {Andres Ramos}
}
