@misc{REF1,
title ={MÃ©todo Montecarlo},
Url = {https://elisa.dyndns-web.com/teaching/comp/par/p5.html},
year = 2019,
Author = {Satu Elisa Schaeffer}
}
