@misc{REF1,
title = {Práctica 12: Red Neuronal},
Url = {https://elisa.dyndns-web.com/teaching/comp/par/p10.html},
year = 2019,
Author = {Satu Elisa Schaeffer}
}
@article{REF2,
title = {Práctica 12: Red Neuronal},
author = {Eduardo Coca Reyna},
Journal = {Universidad Autónoma de Nuevo León},
year = {2018}
}
@article{REF3,
title = {Práctica 12: Red Neuronal},
Url = {https://github.com/RicardoRosMac/Simulation/tree/master/HWP12},
year = {2018},
author = {Ricardo Rosas Macías}
}