@misc{REF1,
title = {Pr치ctica 8: Modelo de urnas},
Url = {https://elisa.dyndns-web.com/teaching/comp/par/p8.html},
year = 2019,
Author = {Satu Elisa Schaeffer}
}
@article{REF2,
title = {Pr치ctica 8: Modelo de urnas},
author = {Alexia Ibarra},
Journal = {Universidad Aut칩noma de Nuevo Le칩n},
year = {2018}
}