@misc{REF1,
title = {Práctica 10: algoritmo genético},
Url = {https://elisa.dyndns-web.com/teaching/comp/par/p10.html},
year = 2019,
Author = {Satu Elisa Schaeffer}
}
@article{REF2,
title = {Práctica 10: algoritmo genético},
author = {Serna Mendoza Jorge Armando},
Journal = {Universidad Autónoma de Nuevo León},
year = {2018}
}