@misc{REF1,
title = {Sistema multiagente},
Url = {https://elisa.dyndns-web.com/teaching/comp/par/p6.html},
year = 2019,
Author = {Satu Elisa Schaeffer}
}
@article{REF2,
title = {Práctica 6: sistema multiagente},
author = {Alexia Ibarra},
Journal = {Universidad Autónoma de Nuevo León},
year = {2013}
}
@article{REF4,
title = {Memoria, gestión de procesos en los sistemas operativos},
author = {Javier Serrano}, 
journal = {TFC: Arquitectura de computadoras y sistemas operativos}, 
year = {2011}
}
@article{REF5,
title = {Análisis de rendimiento de algoritmos paralelos},
author = {Joaquín López, Rodríguez D.}, 
journal = {Tecnológico de Costa Rica}, 
year = {2014}
}
