@article{REF2,
title = {Aplicando la Teoría de Colas en Dirección de Operaciones},
author = {Pedro García},
journal = {Universidad Politécnica de Valencia},
year = 2015,
}
@misc{REF1,
title = {Teoría de Colas},
Url = {https://elisa.dyndns-web.com/teaching/comp/par/p3.html},
year = 2019,
Author = {Satu Elisa Schaeffer}
}
@misc{REF3,
title = {Teoría de colas},
Url = {http://www.iit.upcomillas.es/aramos/simio/transpa/t_qt_ar.pdf},
year = 2013,
author = {Andres Ramos}
}
@article{REF4,
title = {Memoria, gestión de procesos en los sistemas operativos},
author = {Javier Serrano}, 
journal = {TFC: Arquitectura de computadoras y sistemas operativos}, 
year = {2011}
}
@article{REF5,
title = {Análisis de rendimiento de algoritmos paralelos},
author = {Joaquín López, Rodríguez D.}, 
journal = {Tecnológico de Costa Rica}, 
year = {2014}
}
